<record><leader>00000cas a22000007a 4500</leader><controlfield tag="001">14449356</controlfield><controlfield tag="008">861021d18541858wiuwr ne      0    0eng d</controlfield><datafield ind1=" " ind2=" " tag="010"><subfield code="a">sn 86086725 </subfield></datafield><datafield ind1=" " ind2=" " tag="040"><subfield code="a">NPV</subfield><subfield code="b">eng</subfield><subfield code="c">NPV</subfield><subfield code="d">OCLCQ</subfield><subfield code="d">UKMGB</subfield></datafield><datafield ind1="7" ind2=" " tag="016"><subfield code="a">013917729</subfield><subfield code="2">Uk</subfield></datafield><datafield ind1=" " ind2=" " tag="042"><subfield code="a">msc</subfield></datafield><datafield ind1="0" ind2=" " tag="130"><subfield code="a">Manitowoc tribune (Manitowoc, Wis. : 1854)</subfield></datafield><datafield ind1="1" ind2="4" tag="245"><subfield code="a">The Manitowoc tribune.</subfield></datafield><datafield ind1="1" ind2="3" tag="246"><subfield code="a">Tribune</subfield></datafield><datafield ind1="1" ind2="3" tag="246"><subfield code="a">Weekly tribune</subfield></datafield><datafield ind1=" " ind2=" " tag="260"><subfield code="a">Manitowoc, Wis. :</subfield><subfield code="b">Smith &amp; Roeser,</subfield><subfield code="c">1854-1858.</subfield></datafield><datafield ind1=" " ind2=" " tag="300"><subfield code="a">v.</subfield></datafield><datafield ind1=" " ind2=" " tag="310"><subfield code="a">Weekly</subfield></datafield><datafield ind1="0" ind2=" " tag="362"><subfield code="a">Vol. 1, no. 1 (Apr. 25, 1854)-v. 5, no. 2 (May 28, 1858).</subfield></datafield><datafield ind1=" " ind2=" " tag="500"><subfield code="a">Publisher varies.</subfield></datafield><datafield ind1=" " ind2=" " tag="752"><subfield code="a">United States</subfield><subfield code="b">Wisconsin</subfield><subfield code="c">Manitowoc</subfield><subfield code="d">Manitowoc.</subfield></datafield><datafield ind1="0" ind2="0" tag="785"><subfield code="t">Manitowoc weekly tribune</subfield><subfield code="w">(DLC)sn 85033154</subfield><subfield code="w">(OCoLC)11707577</subfield></datafield></record>